<record><leader>00000cas a2200000 a 4500</leader><controlfield tag="001">10828889</controlfield><controlfield tag="008">840611c18719999ksuwr ne      0    0eng d</controlfield><datafield ind1=" " ind2=" " tag="010"><subfield code="a">sn 84029146 </subfield></datafield><datafield ind1=" " ind2=" " tag="040"><subfield code="a">KSH</subfield><subfield code="b">eng</subfield><subfield code="c">KSH</subfield><subfield code="d">NPT</subfield><subfield code="d">NPU</subfield><subfield code="d">NPX</subfield><subfield code="d">OCL</subfield><subfield code="d">OCLCQ</subfield></datafield><datafield ind1=" " ind2=" " tag="042"><subfield code="a">msc</subfield></datafield><datafield ind1="0" ind2="4" tag="245"><subfield code="a">The Girard press.</subfield></datafield><datafield ind1=" " ind2=" " tag="260"><subfield code="a">Girard, Kan. :</subfield><subfield code="b">Warner &amp; Wasser,</subfield><subfield code="c">1871-</subfield></datafield><datafield ind1=" " ind2=" " tag="300"><subfield code="a">v. ;</subfield><subfield code="c">54-69 cm.</subfield></datafield><datafield ind1=" " ind2=" " tag="310"><subfield code="a">Weekly,</subfield><subfield code="b">Nov. 15, 1888-</subfield></datafield><datafield ind1=" " ind2=" " tag="321"><subfield code="a">Weekly,</subfield><subfield code="b">July 15, 1871-Apr. 27, 1887</subfield></datafield><datafield ind1=" " ind2=" " tag="321"><subfield code="a">Semiweekly,</subfield><subfield code="b">Apr. 30, 1887-Nov. 10, 1888</subfield></datafield><datafield ind1="0" ind2=" " tag="362"><subfield code="a">July 15, 1871-</subfield></datafield><datafield ind1=" " ind2=" " tag="500"><subfield code="a">Publishers: Wasser &amp; Riddle, &lt;1876&gt;.</subfield></datafield><datafield ind1=" " ind2=" " tag="500"><subfield code="a">Editors: E.A. Wasser, A.P. Riddle, &lt;1876&gt;.</subfield></datafield><datafield ind1=" " ind2=" " tag="752"><subfield code="a">United States</subfield><subfield code="b">Kansas</subfield><subfield code="c">Crawford</subfield><subfield code="d">Girard.</subfield></datafield><datafield ind1="0" ind2="0" tag="780"><subfield code="t">Girard weekly press</subfield><subfield code="w">(DLC)sn 83040221</subfield></datafield><datafield ind1="0" ind2="5" tag="780"><subfield code="t">Independent news (Girard, Kan.)</subfield><subfield code="g">Aug. 1909</subfield><subfield code="w">(DLC)sn 84029219</subfield></datafield><datafield ind1="0" ind2="5" tag="780"><subfield code="t">McCune herald</subfield><subfield code="g">July 1973</subfield><subfield code="w">(DLC)sn 84029167</subfield></datafield></record>